@article{Ref12,
author = {Ahmadi, Sajjad Bagheri Baba and Nanehkaran, Yaser Ahangari and Layazali, Sina},
issn = {2229-5518},
journal = {International Journal of Scientific {\&} Engineering Research},
number = {5},
pages = {253-258},
title = {{Review on Hyper-spectral Imaging System}},
url = {https://pdfs.semanticscholar.org/e072/87b11319992d5eb91f6b3e1de88b69fcf319.pdf},
volume = {4},
year = {2013}
}
@article{Ref13,
author = {MILTON, E J},
doi = {10.1080/01431168708954818},
issn = {0143-1161, 1366-5901 (Online )},
journal = {International Journal of Remote Sensing},
number = {12},
pages = {1807-1827},
publisher = {Taylor {\&} Francis},
title = {{Review Article Principles of field spectroscopy}},
url = {https://doi.org/10.1080/01431168708954818},
volume = {8},
year = {1987}
}
@inproceedings{Ref11,
abstract = {ABSTRACT Hyperspectral core imaging (HCI) technology was used to enhance characterization of a thin-bedded reservoir in the Permian Basin. Originally developed for the mining industry, hyperspectral imaging (HI) uses a combination of short-wave infrared light (SWIR) and long-wave infrared light (LWIR) to create a visual ‘map' of the minerals in a core that respond to reflectance principles. HCI, which requires no special preparation other than that the core be clean and dry, can be applied rapidly and provides mineralogical results related to various energy emitted in wavelength spectrum by either halogen bulb reflectance (short-wave quantification) or heat reflectance spectra (long-wavelength quantification). HCI provided detailed, high-resolution mineralogic and textural information of a conventional whole-cored interval and was used to produce interpreted mineral maps to refine stratigraphic models, explain petrophysical responses, and guide selection of plug locations for conventional and special core analysis. Digital HI-derived single mineral curves calibrated to X-Ray Diffraction Data (XRD) were imported as curves to display mineralogical variations with depth alongside open-hole wireline logs. HCI was successfully applied and utilized as an integrative tool across additional data streams, associating open-hole wireline properties, overlays of textural relationships of mineralogical assemblages, and rock typing models with co-location of petrophysical properties to obtain better understandings of mineralogical-to-petrophysical links. We illustrate how hyperspectral imaging can be a powerful aid in geological and petrophysical quantification and property ‘up-scaling' from SEM- and thin-section scales to depositional-system-level understandings.},
address = {London, UK},
author = {Kosanke, Tobi and Perry, Stephanie and Greene, James and Beach, Mark},
booktitle = {SPWLA 59th Annual Logging Symposium},
pages = {6},
publisher = {Society of Petrophysicists and Well-Log Analysts},
title = {{High-Resolution Hyperspectral Imaging Technology: Subsurface Characterization Through Multi-Discipline Integration}},
url = {https://doi.org/},
year = {2018}
}
@misc{Ref10,
author = {Higgins, Kevin T. and {Food Processing}},
howpublished = {\url{https://www.foodprocessing.com/articles/2013/inspection-technologies/}},
title = {{Five New Technologies for Inspection}},
url = {https://www.foodprocessing.com/articles/2013/inspection-technologies/},
urldate = {2018-08-31},
note = {Accedido:~2018-08-31},
year = {2013}
}
@article{Ref14,
author = {Ives, Herbert E},
doi = {10.1103/PhysRev.6.334},
journal = {Physical Review},
month = {nov},
number = {5},
pages = {334-344},
publisher = {American Physical Society},
title = {{A Precision Artificial Eye}},
url = {https://link.aps.org/doi/10.1103/PhysRev.6.334},
volume = {6},
year = {1915}
}
@book{Ref15,
author = {Krinov, E. L.},
publisher = {National Research Council of Canada},
series = {Canada Nrc Technical Translation Tt},
title = {{Spectral Reflectance Properties of Natural Formations}},
year = {1953}
}
@misc{Ref01,
author = {{Instituto de Hidr{\'{a}}ulica Ambiental IHCantabria}},
howpublished = {\url{http://nano.ihcantabria.com/resultados/bibliotecas-espectrales/}},
title = {{Evaluaci{\'{o}}n espacio temporal de las praderas de Nanozostera noltii (H{\'{a}}bitat 1140) en la costa Cant{\'{a}}brica}},
url = {http://nano.ihcantabria.com/resultados/bibliotecas-espectrales/},
urldate = {2019-03-03},
note = {Accedido:~2019-03-03}
}
@misc{Ref04,
author = {{ESA Eduspace}},
howpublished = {\url{http://www.esa.int/SPECIALS/Eduspace{\_}ES/SEM6DYD3GXF{\_}0.html}},
title = {{Firmas espectrales}},
url = {http://www.esa.int/SPECIALS/Eduspace{\_}ES/SEM6DYD3GXF{\_}0.html},
urldate = {2019-01-17},
note = {Accedido: 2019-01-17},
year = {2014}
}
@misc{Ref05,
author = {{Malvern Panalytical}},
howpublished = {\url{https://www.malvernpanalytical.com/en/products/product-range/asd-range}},
title = {{ASD range - Field-portable full-range UV/Vis/NIR/SWIR spectroradiometers and spectrometers}},
url = {https://www.malvernpanalytical.com/en/products/product-range/asd-range},
urldate = {2018-01-31},
note = {Accedido:~2018-01-31},
year = {2018}
}
@misc{Ref02,
address = {Bogot{\'{a}}},
author = {Caballero, L. and Guti{\'{e}}rrez, F},
title = {{Revisi{\'{o}}n documental para el desarrollo de un Sistema de Informaci{\'{o}}n Espectral en Colombia}},
year = {2018}
}
@article{Ref06,
abstract = {Although nano/microsatellites have great potential as remote sensing platforms, the spatial and spectral resolutions of an optical payload instrument are limited. In this study, a high spatial resolution multispectral sensor, the High-Precision Telescope (HPT), was developed for the RISING-2 microsatellite. The HPT has four image sensors: three in the visible region of the spectrum used for the composition of true color images, and a fourth in the near-infrared region, which employs liquid crystal tunable filter (LCTF) technology for wavelength scanning. Band-to-band image registration methods have also been developed for the HPT and implemented in the image processing procedure. The processed images were compared with other satellite images, and proven to be useful in various remote sensing applications. Thus, LCTF technology can be considered an innovative tool that is suitable for future multi/hyperspectral remote sensing by nano/microsatellites.},
author = {Kurihara, Junichi and Takahashi, Yukihiro and Sakamoto, Yuji and Kuwahara, Toshinori and Yoshida, Kazuya},
doi = {10.3390/s18020619},
issn = {1424-8220},
journal = {Sensors},
number = {2},
title = {{HPT: A High Spatial Resolution Multispectral Sensor for Microsatellite Remote Sensing}},
url = {https://www.mdpi.com/1424-8220/18/2/619},
volume = {18},
year = {2018}
}
@article{Ref03,
author = {Garc{\'{i}}a-Ferrer, Alfonso},
issn = {1577-9491},
journal = {Ambienta: La revista del Ministerio de Medio Ambiente},
number = {105},
pages = {6-15},
title = {{Potencialidad y nuevas orientaciones en el uso de la teledetecci{\'{o}}n en agricultura y selvicultura}},
year = {2013}
}
@inproceedings{Ref08,
address = {Sydney},
author = {Lacar, F. M. and Lewis, M. M. and Grierson, I. T.},
booktitle = {IGARSS 2001. Scanning the Present and Resolving the Future. Proceedings. IEEE 2001 International Geoscience and Remote Sensing Symposium (Cat. No. 01CH37217)},
doi = {10.1109/IGARSS.2001.978191},
isbn = {https://doi.org/0-7803-7031-7},
pages = {2875-2877},
publisher = {IEEE},
title = {{Use of hyperspectral imagery for mapping grape varieties in the Barossa Valley, South Australia}},
url = {https://ieeexplore.ieee.org/document/978191},
year = {2001}
}
@inproceedings{Ref07,
author = {Rousset-Rouviere, Laurent and Coudrain, Christophe and Fabre, Sophie and Ferrec, Yann and Poutier, Laurent and L{\o}ke, Trond and Fridman, Andrei and Blaaberg, S{\o}ren and Baarstard, Ivar and Skauli, Torbjorn and Sisakoun, Isabelle},
booktitle = {9th EARSeL Imaging Spectroscopy Workshop},
doi = {https://doi.org/10.12760/02-2015-2-02},
editor = {Schlerf, Martin and Machwitz, Miriam and Buddenbaum, Henning and Reuter, Rainer},
issn = {1729-3782},
pages = {12-26},
publisher = {EARSeL eProceedings},
title = {{SYSIPHE System: A state of the art airborne hyperspectral imaging system. Initial results from the first airborne campaign}},
url = {http://www.eproceedings.org/static/vol14{\_}S2/14{\_}S2{\_}rousset-rouviere1.pdf?SessionID=35d5c5c15d783d550133f},
year = {2015}
}
@article{Ref09,
annote = {doi: 10.1021/es101823z},
author = {Gross, Kevin C and Bradley, Kenneth C and Perram, Glen P},
doi = {10.1021/es101823z},
issn = {0013-936X},
journal = {Environmental Science {\&} Technology},
month = {dec},
number = {24},
pages = {9390-9397},
publisher = {American Chemical Society},
title = {{Remote Identification and Quantification of Industrial Smokestack Effluents via Imaging Fourier-Transform Spectroscopy}},
url = {https://doi.org/10.1021/es101823z},
volume = {44},
year = {2010}
}

@article{Ref17,
author = {Hunter, Richard S},
doi = {10.1364/JOSA.32. 000509},
journal = {J. Opt. Soc. Am.},
keywords = {Color difference,Color measurement,Color vision,Phototubes,Standard observers,Visible light},
month = {sep},
number = {9},
pages = {509-538},
publisher = {OSA},
title = {{Photoelectric Tristimulus Colorimetry with Three Filters}},
url = {http://www.osapublishing.org/abstract.cfm?URI=josa-32-9-509},
volume = {32},
year = {1942}
}
@article{Ref18,
author = {{Hammond III}, Harry K. and Holford, Warren L. and Kuder, Milton L.},
journal = {Journal of Research of the National Bureau of Standards},
number = {2},
pages = {151-157},
publisher = {National Bureau of Standards},
title = {{Ratio-recording spectroradiometer}},
url = {https://archive.org/details/jresv64Cn2p151},
volume = {64C},
year = {1960}
}
@article{Ref16,
abstract = {The spectral reflectance of natural objects is taken from Krinov's measurements. Based on these data, the luminous reflectance (visual albedo) is computed for natural objects. The results obtained are compared with other published data. The wealth of data can now be grouped into four classes and twenty-four main types. The luminous reflectance of most natural objects (except snow and a few rock formations) remains below 15 percent.},
author = {Penndorf, Rudolf},
doi = {10.1175/1520-0477-37.4.142},
journal = {Bulletin of the American Meteorological Society},
number = {4},
pages = {142-144},
title = {{Luminous Reflectance (Visual Albedo) of Natural Objects}},
url = {https://doi.org/10.1175/1520-0477-37.4.142},
volume = {37},
year = {1956}
}
@inproceedings{Ref19,
address = {Ann Arbor (Michigan)},
author = {Silva, L. and Hoffer, R. and Cipra, J.},
booktitle = {7th International Symposium on Remote Sensing of Environment},
pages = {1509-1518},
title = {{Extended wavelength field spectroradiometry (Extended wavelength field spectroradiometry for multispectral scanner data interpretation in airborne observations)}},
year = {1971}
}
@misc{Ref20,
author = {{United State Geological Survey}},
doi = {https://dx.doi.org/10.5066/F7RR1WDJ},
howpublished = {\url{https://www.sciencebase.gov/catalog/item/5807a2a2e4b0841e59e3a18d}},
title = {{USGS Spectral Library Version 7 Data}},
url = {https://www.sciencebase.gov/catalog/item/5807a2a2e4b0841e59e3a18d},
urldate = {2019-01-17},
note = {Accedido: 2019-01-17},
year = {2017}
}
@misc{Ref21,
author = {Neumann, Carsten},
howpublished = {\url{http://www-app2.gfz-potsdam.de/spectation/?file=main}},
title = {{SPECTATION}},
url = {http://www-app2.gfz-potsdam.de/spectation/?file=main},
urldate = {2018-12-17},
note = {Accedido:~2018-12-17}
}
@misc{Ref22,
author = {Specchio},
howpublished = {\url{https://specchio.ch}},
title = {{Spectral Information System}},
url = {https://specchio.ch},
urldate = {2019-01-17},
note = {Accedido:~2019-01-17}
}
@misc{Ref23,
author = {{Laboratorio de Espectro-radiometr{\'{i}}a y Teledetecci{\'{o}}n Ambiental}},
howpublished = {\url{http://www.investigacion.cchs.csic.es/espectroradiometria/category/web-links/librer{\%}C3{\%}AD-espectrales}},
title = {{Librer{\'{i}}as espectrales}},
url = {http://www.investigacion.cchs.csic.es/espectroradiometria/category/web-links/librer{\'{i}}-espectrales},
urldate = {2019-01-17},
note = {Accedido:~2019-01-17}
}
@article{Ref29,
abstract = {La investigaci{\'{o}}n se enmarc{\'{o}} dentro de un proyecto nacional cuyo objetivo general es “Crear un cat{\'{a}}logo de firmas espectrales a nivel nacional por regiones (seg{\'{u}}n Plan de Naci{\'{o}}n/Visi{\'{o}}n de Pa{\'{i}}s) y caracterizar las coberturas de las mismas seg{\'{u}}n el Sistema de Clasificaci{\'{o}}n FAO, utilizando el espectro radi{\'{o}}metro ASD, en las bandas del espectro visible al infrarrojo cercano” para disminuir errores por dispersi{\'{o}}n atmosf{\'{e}}rica y part{\'{i}}culas en suspensi{\'{o}}n, as{\'{i}} como del aporte radiom{\'{e}}trico del suelo. Se parti{\'{o}} del hecho que el problema principal es la carencia de una base de firmas espectrales de la cobertura de la tierra, el Proyecto Nacional de Firmas espectrales tiene como Hip{\'{o}}tesis General que: Las firmas espectrales de las diferentes coberturas de la tierra, adquiridas en campo con un espectro radi{\'{o}}metro, son semejantes a las firmas espectrales orbitales de la imagen corregida por dispersi{\'{o}}n de Rayleigh, siempre que la imagen sea de la misma fecha de observaci{\'{o}}n. Como resultados se obtuvieron firmas espectrales de las categor{\'{i}}as de las coberturas de la tierra: Bosque de Pino, Matorral, Agricultura, Pastos y Suelo. Para las coberturas con dominancia vegetal se aplic{\'{o}} el {\'{i}}ndice de vegetaci{\'{o}}n de diferencia normalizada, para identificar la intensidad de biomasa con respecto a las condiciones fenol{\'{o}}gicas. Al mismo tiempo se realiz{\'{o}} un ajuste a las condiciones del suelo, para identificar el aporte que la reflectancia de fondo (suelo) introduce en la firma espectral de la vegetaci{\'{o}}n. En el an{\'{a}}lisis de la correlaci{\'{o}}n entre la radiometr{\'{i}}a de la imagen corregida atmosf{\'{e}}ricamente y la radiometr{\'{i}}a de campo, realizado con las dos coberturas que presentaron mayor dificultad de separaci{\'{o}}n espectral: Cafetal y Matorral, resulto que la correlaci{\'{o}}n es alta, con un R2 en ambos casos de 0.99, lo que comprob{\'{o}} la hip{\'{o}}tesis planteada. Y se concluy{\'{o}} que las firmas espectrales sirven para calibrar im{\'{a}}genes sin correcciones radiom{\'{e}}tricas.Revista Ciencias Espaciales, Vol.7(1) 2014, 76-96},
author = {{Corrales Andino}, Rafael and {Ochoa L{\'{o}}pez}, Vilma},
doi = {10.5377/ce.v7i1.2527},
issn = {2225-5249, 2521-5868 (Online)},
journal = {Ciencias Espaciales},
month = {apr},
number = {1 SE - Ciencia y Tecnolog{\'{i}}as de la Informaci{\'{o}}n Geogr{\'{a}}fica},
title = {{Firmas espectrales de la cobertura de la Tierra, aplicando radiometr{\'{i}}a de campo. Fase 1: Regi{\'{o}}n 03 occidente de Honduras}},
url = {https://www.lamjol.info/index.php/CE/article/view/2527},
volume = {7},
year = {2016}
}
@misc{Ref27,
author = {{SETI Institute}},
howpublished = {\url{https://www.seti.org/}},
title = {{SETI}},
url = {https://www.seti.org/},
urldate = {2019-01-17},
year = {2019}
}
@misc{Ref24,
author = {{Instituto de Econom{\'{i}}a Geograf{\'{i}}a y Demograf{\'{i}}a}},
howpublished = {\url{http://iegd.csic.es/es/webpages}},
url = {http://iegd.csic.es/es/webpages},
urldate = {2019-01-17},
note = {Accedido:~2019-01-17}
}
@misc{Ref25,
author = {CSIRO},
howpublished = {\url{https://research.csiro.au/thespectralgeologist/}},
title = {{The Spectral Geologist}},
url = {https://research.csiro.au/thespectralgeologist/},
urldate = {2019-01-17},
note = {Accedido:~2019-01-17}
}
@misc{Ref28,
author = {{Laboratorio Nacional de Geoprocesamiento de Informaci{\'{o}}n Fitosanitaria (LaNGIF)} and {Universidad Aut{\'{o}}noma de San Luis Potos{\'{i}}}},
howpublished = {\url{http://langif.uaslp.mx/}},
title = {{{\'{A}}rea de Percepci{\'{o}}n Remota}},
url = {http://langif.uaslp.mx/},
urldate = {2019-01-17},
note = {Accedido:~2019-01-17},
year = {2019}
}
@misc{Ref26,
author = {EcoSIS},
howpublished = {\url{https://ecosis.org/}},
title = {{EcoSIS Spectral Library}},
url = {https://ecosis.org/},
urldate = {2019-01-17},
note = {Accedido:~2019-01-17}
}
@inproceedings{Ref30,
author = {Rego, Lissy Mateo and {Torriente Mart{\'{i}}nez}, Lisette and {P{\'{e}}rez Garc{\'{i}}a}, Eloy},
booktitle = {V Congreso Internacional GEOMATICA},
title = {{Construcci{\'{o}}n de la biblioteca espectral de los principales elementos del mapa topogr{\'{a}}fico}},
url = {http://www.bvs.hn/cu-2007/ponencias/GEO/GEO-068.pdf},
year = {2007}
}
@misc{Ref31,
author = {{Escuela Polit{\'{e}}cnica Nacional}},
howpublished = {\url{https://www.epn.edu.ec/sistema-espectral/}},
title = {{Sistema Espectral}},
url = {https://www.epn.edu.ec/sistema-espectral/},
urldate = {2019-01-17},
note = {Accedido:~2019-01-17},
year = {2017}
}
@misc{Ref41,
author = {{Centro de Investigaci{\'{o}}n y Desarrollo en Informaci{\'{o}}n Geogr{\'{a}}fica - CIAF} and {Instituto Geográfico Agustín Codazzi}},
howpublished = {\url{https://ciaf.igac.gov.co/es/contenido/grupo-percepcion-remota}},
title = {{Grupo Percepci{\'{o}}n Remota}},
url = {https://ciaf.igac.gov.co/es/contenido/grupo-percepcion-remota},
urldate = {2018-11-23},
note = {Accedido:~2018-11-23}
}
@article{Ref39,
author = {{Araque T.}, Leonardo and Jim{\'{e}}nez, Andr{\'{e}}s},
journal = {Revista Palmas},
number = {3},
title = {{Caracterizaci{\'{o}}n de firma espectral a partir de sensores remotos para el manejo de sanidad vegetal en el cultivo de palma de aceite}},
url = {https://publicaciones.fedepalma.org/index.php/palmas/article/view/1455},
volume = {30},
year = {2009}
}
@phdthesis{Ref37,
author = {{Hern{\'{a}}ndez Salazar}, Ruby Stella},
school = {Universidad Nacional de Colombia},
title = {{Metodolog{\'{i}}a para discriminaci{\'{o}}n de malezas basada en la respuesta espectral de la vegetaci{\'{o}}n}},
url = {http://bdigital.unal.edu.co/57544/1/31152802{\_}2017.pdf},
year = {2017}
}
@phdthesis{Ref40,
author = {{Cetina Caceres}, Nicol Andrea},
school = {Universidad cat{\'{o}}lica de Manizales},
title = {{Generaci{\'{o}}n de curvas espectrales de vegetaci{\'{o}}n, suelo y agua, a partir del an{\'{a}}lisis de im{\'{a}}genes multiespectrales, como herramienta indirecta de evaluaci{\'{o}}n del estado del humedal "El Ocho" y P{\'{a}}ramo de Letras (Pregrado)}},
url = {http://hdl.handle.net/10839/2009},
year = {2017}
}
@techreport{Ref33,
author = {Lizarazo, Ivan},
institution = {Universidad Distrital Francisco Jos{\'{e}} de Caldas},
title = {{Caracterizaci{\'{o}}n de la condici{\'{o}}n de la vegetaci{\'{o}}n usando sensores pr{\'{o}}ximos y remotos}},
year = {2015}
}
@phdthesis{Ref34,
author = {{{\'{A}}ngel L{\'{o}}pez}, Yoseline Betzaida},
school = {Universidad Nacional de Colombia},
title = {{Metodolog{\'{i}}a para identificar cultivos de coca mediante an{\'{a}}lisis de par{\'{a}}metros red edge y espectroscopia de im{\'{a}}genes (Master)}},
url = {http://bdigital.unal.edu.co/7566/},
year = {2012}
}
@misc{Ref35,
author = {AGROSAVIA},
howpublished = {\url{https://www.agrosavia.co/}},
title = {{AGROSAVIA}},
url = {https://www.agrosavia.co/},
urldate = {2019-02-02},
note = {Accedido:~2019-02-02}
}
@article{Ref36,
author = {Bastidas-Obando, Ernesto and Carbonell, Javier A.},
issn = {0120-9965},
journal = {Agronom{\'{i}}a Colombiana},
number = {2},
pages = {291-301},
publisher = {Universidad Nacional de Colombia},
title = {{Caracterizaci{\'{o}}n espectral y mineral{\'{o}}gica de los suelos del valle del r{\'{i}}o Cauca por espectroscop{\'{i}}a visible e infrarroja (400 - 2.500 nm)}},
url = {http://www.redalyc.org/articulo.oa?id=180315602019},
volume = {38},
year = {2010}
}
@misc{Ref32,
author = {{Comisi{\'{o}}n Nacional de Actividades Espaciales}},
howpublished = {\url{https://www.argentina.gob.ar/ciencia/conae}},
title = {{Comisi{\'{o}}n Nacional de Actividades Espaciales}},
url = {https://www.argentina.gob.ar/ciencia/conae},
urldate = {2019-01-17},
note = {Accedido:~2019-01-17},
year = {2018}
}
@misc{Ref57,
author = {{Laboratorio de Espectro-radiometr{\'{i}}a y Teledetecci{\'{o}}n Ambiental}},
howpublished = {\url{http://www.investigacion.cchs.csic.es/espectroradiometria/}},
title = {{Laboratorio de Espectro-radiometr{\'{i}}a y Teledetecci{\'{o}}n Ambiental}},
url = {http://www.investigacion.cchs.csic.es/espectroradiometria/},
urldate = {2019-02-02},
note = {Accedido:~2019-02-02}
}
@misc{Ref50,
author = {{Infraestructura Colombiana de Datos Espaciales}},
howpublished = {\url{http://www.icde.org.co/servicios/metadatos}},
title = {{Metadatos}},
url = {http://www.icde.org.co/servicios/metadatos},
urldate = {2019-03-03},
note = {Accedido: 2019-03-03}
}
@misc{Ref51,
author = {{International Organization for Standardization ISO}},
howpublished = {\url{https://www.iso.org/standard/32554.html}},
title = {{ISO 19136:2007 Geographic information - Geography Markup Language (GML)}},
url = {https://www.iso.org/standard/32554.html},
urldate = {2019-02-02},
note = {Accedido:~2019-02-02},
year = {2007}
}
@misc{Ref42,
author = {{Ministerio de Tecnolog{\'{i}}as de la Informaci{\'{o}}n y las Comunicaciones - MINTIC}},
howpublished = {\url{https://www.mintic.gov.co/gestionti/615/w3-article-4202.html}},
title = {{Modelo de gesti{\'{o}}n - Fortalecimiento de la gesti{\'{o}}n TI en el estado}},
url = {https://www.mintic.gov.co/gestionti/615/w3-article-4202.html},
urldate = {2019-02-17},
note = {Accedido:~2019-02-17}
}
@misc{Ref52,
author = {{International Organization for Standardization ISO}},
howpublished = {\url{https://www.iso.org/standard/32574.html}},
title = {{ISO 19156:2011 Geographic information — Observations and measurements}},
url = {https://www.iso.org/standard/32574.html},
urldate = {2019-01-02},
note = {Accedido:~2019-01-02},
year = {2011}
}
@article{Ref43,
author = {Ponju{\'{a}}n-Dante, Gloria},
issn = {0864-4659},
journal = {Ciencias de la informaci{\'{o}}n},
number = {2},
pages = {11-17},
title = {{La gesti{\'{o}}n de informaci{\'{o}}n y sus modelos representativos.Valoraciones}},
url = {https://biblat.unam.mx/es/revista/ciencias-de-la-informacion/articulo/la-gestion-de-informacion-y-sus-modelos-representativos-valoraciones-gloria},
volume = {42},
year = {2011}
}
@misc{Ref53,
author = {{Open Geospatial Consortium – OGC}},
howpublished = {\url{https://www.opengeospatial.org/standards/sensorml}},
title = {{Sensor Model Language (SensorML)}},
url = {https://www.opengeospatial.org/standards/sensorml},
urldate = {2019-01-02},
note = {Accedido:~2019-01-02},
year = {2018}
}
@misc{Ref44,
author = {{Departamento Nacional de Planeaci{\'{o}}n}},
title = {{Consolidaci{\'{o}}n de la pol{\'{i}}tica nacional de informaci{\'{o}}n geogr{\'{a}}fica y la infraestructura colombiana de datos espaciales - ICDE}},
url = {http://www.icde.org.co/sites/default/files/8.CONPES 3585 de 2009{\_}0.pdf},
year = {2009}
}
@inproceedings{Ref46,
address = {Madrid},
author = {Gonz{\'{a}}lez, M. and Jim{\'{e}}nez, M. and Amaro, A. and {De Miguel}, E. and Fern{\'{a}}ndez-Renau, A. and Guti{\'{e}}rrez, O.},
booktitle = {XV Congreso Nacional de Tecnolog{\'{i}}as de la Informaci{\'{o}}n Geogr{\'{a}}fica},
title = {{Metadatos para espectro-radiometr{\'{i}}a de campo utilizando normativa ISO y OGC}},
url = {http://www.age-geografia.es/tig/2012{\_}Madrid/ponencia3/Jimenez,M{\_}final.pdf},
year = {2012}
}
@misc{Ref45,
author = {{International Organization for Standardization ISO}},
howpublished = {\url{https://www.iso.org/standard/53798.html}},
title = {{ISO 19115-1:2014 Geographic information — Metadata — Part 1: Fundamentals}},
url = {https://www.iso.org/standard/53798.html},
urldate = {2019-01-17},
note = {Accedido:~2019-01-17},
year = {2014}
}
@misc{Ref48,
author = {{Servicio de Informaci{\'{o}}n Agroalimentaria y Pesquera}},
howpublished = {\url{https://www.gob.mx/siap/documentos/biblioteca-de-firmas-espectrales-108379}},
title = {{Biblioteca de Firmas Espectrales}},
url = {https://www.gob.mx/siap/documentos/biblioteca-de-firmas-espectrales-108379},
urldate = {2019-02-02},
note = {Accedido:~2019-02-02}
}
@techreport{Ref49,
address = {Bogot{\'{a}}},
author = {Ariza, A.},
title = {{InformeFinal{\_}17251{\_}2016}},
year = {2016}
}
@misc{Ref47,
author = {{Jet Propulsion Laboratory}},
howpublished = {\url{https://ecostress.jpl.nasa.gov/}},
title = {{ECOSTRESS}},
url = {https://ecostress.jpl.nasa.gov/},
urldate = {2019-01-17},
note = {Accedido:~2019-01-17}
}
@inproceedings{Ref59,
address = {Alicante},
author = {{Mart{\'{i}}nez Le{\'{o}}n}, Inocencia Mar{\'{i}}a and {Ruiz Mercader}, Josefa},
booktitle = {Congreso Nacional e Hispano-Franc{\'{e}}s de AEDEM},
publisher = {Asociaci{\'{o}}n Europea de Direcci{\'{o}}n y Econom{\'{i}}a de la Empresa (AEDEM). Universidad de Alicante},
title = {{Los procesos de creaci{\'{o}}n del conocimiento: el aprendizaje y la espiral de conversi{\'{o}}n del conocimiento}},
url = {http://repositorio.upct.es/handle/10317/613},
year = {2002}
}
@inproceedings{Ref60,
address = {La Plata},
author = {Tanaka, Nicolas},
booktitle = {V Jornadas de Sociolog{\'{i}}a de la UNLP},
publisher = {Universidad Nacional de La Plata},
title = {{Creaci{\'{o}}n del Conocimiento: la Gesti{\'{o}}n del Conocimiento en organizaciones japonesas como sistema de innovaci{\'{o}}n}},
url = {http://www.memoria.fahce.unlp.edu.ar/trab{\_}eventos/ev.6464/ev.6464.pdf},
year = {2008}
}
@misc{Ref62,
author = {Elearningdocs},
howpublished = {\url{https://elearningdocs.wordpress.com/2012/12/19/gestion-del-conocimiento-procesos-y-herramientas/}},
title = {{Gesti{\'{o}}n del conocimiento: procesos y herramientas}},
url = {https://elearningdocs.wordpress.com/2012/12/19/gestion-del-conocimiento-procesos-y-herramientas/},
urldate = {2019-02-02},
note = {Accedido:~2019-02-02},
year = {2012}
}
@article{Ref61,
author = {{Riaza P{\'{e}}rex}, Fernando},
journal = {{\'{A}}mbitos},
number = {8},
pages = {11-14},
title = {{La transmisi{\'{o}}n del conocimiento}},
url = {https://helvia.uco.es/xmlui/bitstream/handle/10396/8550/8{\_}1.pdf?sequence=1{\&}isAllowed=y},
year = {2002}
}
@article{Ref56,
author = {{Rodr{\'{i}}guez G{\'{o}}mez}, David},
issn = {0211-819X, 2014-8801 (Online)},
journal = {Educar},
number = {37},
pages = {25-39},
title = {{Modelos para la creaci{\'{o}}n y gesti{\'{o}}n del conocimiento : una aproximaci{\'{o}}n te{\'{o}}rica}},
url = {https://www.raco.cat/index.php/Educar/article/view/58019},
year = {2006}
}
@phdthesis{Ref55,
author = {{Pavez Salazar}, Alejandro Andr{\'{e}}s},
school = {Universidad T{\'{e}}cnica Federico Santa Maria},
title = {{Modelo de implantaci{\'{o}}n de Gesti{\'{o}}n del Conocimiento y Tecnolog{\'{i}}as de Informaci{\'{o}}n para la Generaci{\'{o}}n de Ventajas Competitivas (Pregrado)}},
year = {2000}
}
@article{Ref54,
author = {Spechhio},
journal = {Metadata},
number = {49},
title = {{List of Metadata Elements by Category available in this database}},
year = {2015}
}
@misc{Ref64,
address = {Bogot{\'{a}}},
author = {{Instituto Geográfico Agustín Codazzi}},
publisher = {Instituto Geográfico Agustín Codazzi},
title = {{Manual de Procedimientos para el Dise{\~{n}}o y Desarrollo de Sistemas de Informaci{\'{o}}n Geogr{\'{a}}fica de IGAC}},
year = {2017}
}
@article{Ref65,
author = {{Ch{\'{a}}vez Arellano}, Ricardo and {Pineda Dom{\'{i}}nguez}, Daniel and {Cuadrado Gallego}, Juan Jos{\'{e}}},
issn = {1870-6614},
journal = {Investigaci{\'{o}}n administrativa},
number = {113},
title = {{Eficiencia de proyectos de desarrollo de software y modelos de conversi{\'{o}}n de funcionalidad}},
volume = {43},
year = {2014}
}
@article{Ref63,
author = {{Ochoa {\'{A}}vila}, Migdely B. and {Vald{\'{e}}s Soa}, Mario and {Quevedo Aballe}, Yovanni},
issn = {1024-9435},
journal = {Acimed},
number = {4},
title = {{Innovaci{\'{o}}n, tecnolog{\'{i}}a y gesti{\'{o}}n tecnol{\'{o}}gica}},
url = {http://scielo.sld.cu/scielo.php?script=sci{\_}arttext{\&}pid=S1024-94352007001000008},
volume = {16},
year = {2007}
}
@misc{Ref67,
author = {IEEE},
howpublished = {\url{https://standards.ieee.org/standard/1471-2000.html}},
title = {{IEEE 1471-2000 - IEEE Recommended Practice for Architectural Description for Software-Intensive Systems}},
url = {https://standards.ieee.org/standard/1471-2000.html},
urldate = {2018-11-02},
note = {Accedido:~2018-11-02},
year = {2018}
}

@misc{Ref68,
author = {Culturacion},
title = {{Especial Modelo OSI: Capa de Presentaci{\'{o}}n}.~http://culturacion.com/especial-modelo-osi-capa-de-presentacion/},
url = {http://culturacion.com/especial-modelo-osi-capa-de-presentacion/}
}

@misc{Ref69,
author = {Tech-FAQ},
howpublished = {\url{http://www.tech-faq.com/presentation-layer.html}},
title = {{Presentation Layer}},
url = {http://www.tech-faq.com/presentation-layer.html}
}
@misc{Ref70,
author = {Oracle},
howpublished = {\url{https://docs.oracle.com/cd/E19957-01/820-2981/ipov-22/index.html}},
title = {{Gu{\'{i}}a de administraci{\'{o}}n del sistema: servicios IP}},
url = {https://docs.oracle.com/cd/E19957-01/820-2981/ipov-22/index.html},
year = {2010}
}
@article{Ref66,
author = {Kruchten, Philippe},
doi = {10.1109/52.469759},
journal = {IEEE Software},
number = {6},
pages = {42-50},
publisher = {IEEE},
title = {{Planos Arquitect{\'{o}}nicos: El Modelo de “4+1” Vistas de la Arquitectura del Software}},
url = {https://ieeexplore.ieee.org/document/469759},
volume = {12},
year = {1995}
}
@misc{Ref71,
author = {{Coto Cort{\'{e}}s}, An{\'{i}}bal and Cisco},
howpublished = {\url{http://www.ie.tec.ac.cr/acotoc/CISCO/R{\&}S{\%}20CCNA1/R{\&}S{\_}CCNA1{\_}ITN{\_}Chapter10{\_}Capa{\%}20de{\%}20aplicacion.pdf}},
title = {{Aspectos b{\'{a}}sicos de redes. Cap{\'{i}}tulo 10: Capa de aplicaci{\'{o}}n}},
url = {http://www.ie.tec.ac.cr/acotoc/CISCO/R{\&}S CCNA1/R{\&}S{\_}CCNA1{\_}ITN{\_}Chapter10{\_}Capa de aplicacion.pdf},
year = {2008}
}
@article{Ref72,
author = {Hueni, A. and Nieke, J. and Schopfer, J. and Kneub{\"{u}}hler, M. and Itten, K.I.},
doi = {10.1016/J.CAGEO.2008.03.015},
issn = {0098-3004},
journal = {Computers {\&} Geosciences},
month = {mar},
number = {3},
pages = {557-565},
publisher = {Pergamon},
title = {{The spectral database SPECCHIO for improved long-term usability and data sharing}},
url = {https://www.sciencedirect.com/science/article/pii/S0098300408002720},
volume = {35},
year = {2009}
}
@techreport{Ref73,
address = {Bogot{\'{a}}},
author = {{Mu{\~{n}}oz Rodas}, Dorian Alberto and {Due{\~{n}}as Parada}, Myriam Cecilia and {Franco Villegas}, Ximena and {Murcia Garc{\'{i}}a}, Uriel Gonzalo and {Uribe Bustamante}, Carlos and Arias, Leonardo J. and Sierra, Paula and Herrera, Ingrid and Castro, William and Hern{\'{a}}ndez, Ver{\'{o}}nica and Benavides, Julia},
institution = {Sistema de Informaci{\'{o}}n Ambiental de Colombia – SIAC},
title = {{Marco Conceptual del SIAC: Aplicaci{\'{o}}n del enfoque ecosist{\'{e}}mico}},
url = {http://www.ideam.gov.co/documents/11769/230863/20120517{\_}MARCO{\_}CONCEPT{\_}{\_}SIAC{\_}2007.pdf/c94e5ae5-ed5a-4af1-8dd6-39a0b6a7de5e},
year = {2007}
}
@article{Ref74,
abstract = {Spectral databases constitute one of the components of a complete observing system, storing in situ spectroscopic measurements plus associated metadata and providing data for the validation, calibration, and simulation of imaging spectrometer products. Such databases may be employed by physically or organisationally separate entities. Consequently, methods for data exchange between distributed spectral databases are required, allowing the transfer of defined subsets of spectral data including their full metadata context from a source to a target system. The data exchange comprises generic approaches to the sequential steps of ordered table row export, relational storage in XML files, and nonconflicting import into the target database. The SPECCHIO spectral database system was used as a test bed for the data exchange between databases of identical schemata and according import/export functionality has been added to the SPECCHIO application. Import and export speeds were assessed using test cases of different metadata space densities, a score for the density with which associated metadata are detailed, and the potential utility as a quantitative rating for quality. Future spectral databases should allow the exchange between heterogeneous systems, ideally implementing a common subset of metadata parameters and thus supporting the long-term usability and data sharing between research partners.},
author = {Hueni, A. and Malthus, T and Kneubuehler, M. and Schaepman, M.},
doi = {10.1016/J.CAGEO.2010.12.009},
issn = {0098-3004},
journal = {Computers {\&} Geosciences},
month = {jul},
number = {7},
pages = {861-873},
publisher = {Pergamon},
title = {{Data exchange between distributed spectral databases}},
url = {https://www.sciencedirect.com/science/article/pii/S0098300411000379},
volume = {37},
year = {2011}
}
@article{Ref75,
author = {Bojinski, S and Schaepman, M and Schl{\"{a}}pfer, D and Itten, K},
doi = {10.1016/S0924-2716 (02)00119-3},
issn = {0924-2716},
journal = {ISPRS Journal of Photogrammetry and Remote Sensing},
month = {dec},
number = {3},
pages = {204-211},
publisher = {Elsevier},
title = {{SPECCHIO: a Web-accessible database for the administration and storage of heterogeneous spectral data}},
url = {https://www.sciencedirect.com/science/article/abs/pii/S0924271602001193},
volume = {57},
year = {2002}
}
@article{Ref77,
author = {Camacho-Velasco, Ariolfo and Vargas-Garc{\'{i}}a, C{\'{e}}sar Augusto and Rojas-Morales, Fernando Antonio and Castillo-Castelblanco, Sergio Fernando and Arguello-Fuentes, Henry},
issn = {0121-1129, 2357-5328 (Online)},
journal = {Revista Facultad de Ingenier{\'{i}}a},
number = {40},
pages = {17-29},
title = {{Aplicaciones y retos del sensado remoto hiperespectral en la geolog{\'{i}}a colombiana}},
url = {http://www.scielo.org.co/pdf/rfing/v24n40/v24n40a03.pdf},
volume = {24},
year = {2015}
}
@phdthesis{Ref78,
author = {{Ruiz Berrio}, Juliana and Garcia, Mario Alexander},
school = {Uniminuto},
title = {{Desarrollo de la sociedad del conocimiento en Colombia: ¿Qu{\'{e}} tan lejos estamos? (Especializaci{\'{o}}n)}},
url = {https://repository.uniminuto.edu/bitstream/handle/10656/3699/TEPRO{\_}BerrioJuliana{\_}2015.pdf?sequence=1},
year = {2015}
}
@incollection{Ref79,
author = {Soete, Luc and Schneegans, Susan and Er{\"{o}}cal, Deniz and Angathevar, Baskaran and Rasiah, Rajah},
booktitle = {Informe de la Unesco sobre la ciencia. Hacia 2030},
pages = {3-42},
publisher = {Ediciones UNESCO},
title = {{Un mundo en busca de una estrategia eficaz de crecimiento}},
url = {https://unesdoc.unesco.org/ark:/48223/pf0000235407{\_}spa},
year = {2015}
}
@misc{Ref80,
author = {{Departamento Nacional de Planeaci{\'{o}}n - DNP}},
howpublished = {\url{https://www.dnp.gov.co/Plan-Nacional-de-Desarrollo/Paginas/Bases-del-Plan-Nacional-de-Desarrollo-2018-2022.aspx}},
title = {{Bases del Plan Nacional de Desarrollo 2018-2022}},
url = {https://www.dnp.gov.co/Plan-Nacional-de-Desarrollo/Paginas/Bases-del-Plan-Nacional-de-Desarrollo-2018-2022.aspx},
urldate = {03-03-2019},
note = {Accedido:~2019-03-03},
year = {2018}
}
